{
  "leader": "03459cam a2200409 i 4500",
  "fields": [
    {
      "001": "ocm03194943\\"
    },
    {
      "003": "OCoLC"
    },
    {
      "005": "20220728125323.0"
    },
    {
      "008": "770919s1977\\\\\\\\dcua\\\\\\\\\\bs\\\\\\000\\0\\eng\\\\"
    },
    {
      "010": {
        "ind1": "\\",
        "ind2": "\\",
        "subfields": [
          {
            "a": "   76051921 "
          }
        ]
      }
    },
    {
      "040": {
        "ind1": "\\",
        "ind2": "\\",
        "subfields": [
          {
            "a": "DLC"
          },
          {
            "b": "eng"
          },
          {
            "c": "DLC"
          },
          {
            "d": "P#O"
          },
          {
            "d": "BTCTA"
          },
          {
            "d": "OCLCF"
          },
          {
            "d": "OCLCQ"
          },
          {
            "d": "PAU"
          },
          {
            "d": "OCLCQ"
          },
          {
            "d": "OCLCO"
          }
        ]
      }
    },
    {
      "035": {
        "ind1": "\\",
        "ind2": "\\",
        "subfields": [
          {
            "a": "(OCoLC)3194943"
          }
        ]
      }
    },
    {
      "043": {
        "ind1": "\\",
        "ind2": "\\",
        "subfields": [
          {
            "a": "n-us---"
          }
        ]
      }
    },
    {
      "050": {
        "ind1": "0",
        "ind2": "0",
        "subfields": [
          {
            "a": "HV8059"
          },
          {
            "b": ".B74"
          }
        ]
      }
    },
    {
      "082": {
        "ind1": "0",
        "ind2": "0",
        "subfields": [
          {
            "a": "363.3"
          },
          {
            "b": "BRI"
          }
        ]
      }
    },
    {
      "049": {
        "ind1": "\\",
        "ind2": "\\",
        "subfields": [
          {
            "a": "NYRV"
          }
        ]
      }
    },
    {
      "100": {
        "ind1": "1",
        "ind2": "\\",
        "subfields": [
          {
            "a": "Brill, Steven,"
          },
          {
            "d": "1950-"
          }
        ]
      }
    },
    {
      "245": {
        "ind1": "1",
        "ind2": "0",
        "subfields": [
          {
            "a": "Firearm abuse :"
          },
          {
            "b": "a research and policy report /"
          },
          {
            "c": "by Steven Brill."
          }
        ]
      }
    },
    {
      "260": {
        "ind1": "\\",
        "ind2": "\\",
        "subfields": [
          {
            "a": "[Washington] :"
          },
          {
            "b": "Police Foundation,"
          },
          {
            "c": "\u00a91977."
          }
        ]
      }
    },
    {
      "300": {
        "ind1": "\\",
        "ind2": "\\",
        "subfields": [
          {
            "a": "xvii, 191 pages :"
          },
          {
            "b": "illustrations ;"
          },
          {
            "c": "22 cm"
          }
        ]
      }
    },
    {
      "336": {
        "ind1": "\\",
        "ind2": "\\",
        "subfields": [
          {
            "a": "text"
          },
          {
            "b": "txt"
          },
          {
            "2": "rdacontent"
          }
        ]
      }
    },
    {
      "337": {
        "ind1": "\\",
        "ind2": "\\",
        "subfields": [
          {
            "a": "unmediated"
          },
          {
            "b": "n"
          },
          {
            "2": "rdamedia"
          }
        ]
      }
    },
    {
      "338": {
        "ind1": "\\",
        "ind2": "\\",
        "subfields": [
          {
            "a": "volume"
          },
          {
            "b": "nc"
          },
          {
            "2": "rdacarrier"
          }
        ]
      }
    },
    {
      "504": {
        "ind1": "\\",
        "ind2": "\\",
        "subfields": [
          {
            "a": "Includes bibliographical references."
          }
        ]
      }
    },
    {
      "505": {
        "ind1": "0",
        "ind2": "\\",
        "subfields": [
          {
            "a": "Acknowledgments -- Preface -- Glossary -- Introduction -- Part I. The role of firearms in crime. 1. Uniform crime reports data -- 2. Frequency of police confiscations of firearms in the sample cities -- 3. Type of firearms confiscated -- Part II. Firearm commerce. 4. An overview of firearm commerce -- 5. Post-retail interstate commerce -- 6. The age of confiscated handguns -- 7. Stolen firearms -- Part III. Possibilities for change. 8. Improving federal enforcement efforts -- 9. Local police policies and procedures -- 10. Concluding observations : new approaches to firearm abuse -- Appendix A. Published UCR statistics concerning firearms and crime -- Appendix B. City profiles -- Appendix C. Gun Control Act of 1968."
          }
        ]
      }
    },
    {
      "520": {
        "ind1": "\\",
        "ind2": "\\",
        "subfields": [
          {
            "a": "Analysis of statistics from Atlanta, Baltimore, Chicago, Detroit, Houston, New York, Philadelphia, San Francisco, and Washington (DC) to study trends in firearm abuse as a first step toward developing policy alternatives. This study represents the first sustained effort to examine, from the police perspective, the problem of firearm abuse by using police records. Some intriguing information has been developed. For example, a significant finding emerges from an examination of samples of firearms confiscated in ten cities. Data show the frequency with which higher-priced, well-known brands of handguns appear in the samples of firearms believed to be involved in murder, robbery, assault and other felonies. This evidence clearly indicates that the belief that so-called Saturday night specials (inexpensive handguns) are used to commit the great majority of these felonies is misleading and counterproductive and can confuse the police administrator in confronting the problem of firearm abuse. The variations in firearm confiscation rates among the ten cities studied in this report suggest that police policy and procedures in these cities should be studied further so that police efforts to confiscate illegally possessed firearms can be improved."
          }
        ]
      }
    },
    {
      "650": {
        "ind1": "\\",
        "ind2": "0",
        "subfields": [
          {
            "a": "Gun control"
          },
          {
            "z": "United States."
          }
        ]
      }
    },
    {
      "650": {
        "ind1": "\\",
        "ind2": "0",
        "subfields": [
          {
            "a": "Firearms"
          },
          {
            "x": "Law and legislation"
          },
          {
            "z": "United States."
          }
        ]
      }
    },
    {
      "650": {
        "ind1": "\\",
        "ind2": "0",
        "subfields": [
          {
            "a": "Firearms industry and trade"
          },
          {
            "z": "United States."
          }
        ]
      }
    },
    {
      "650": {
        "ind1": "\\",
        "ind2": "7",
        "subfields": [
          {
            "a": "Firearms industry and trade."
          },
          {
            "2": "fast"
          },
          {
            "0": "(OCoLC)fst00925632"
          }
        ]
      }
    },
    {
      "650": {
        "ind1": "\\",
        "ind2": "7",
        "subfields": [
          {
            "a": "Firearms"
          },
          {
            "x": "Law and legislation."
          },
          {
            "2": "fast"
          },
          {
            "0": "(OCoLC)fst00925588"
          }
        ]
      }
    },
    {
      "650": {
        "ind1": "\\",
        "ind2": "7",
        "subfields": [
          {
            "a": "Gun control."
          },
          {
            "2": "fast"
          },
          {
            "0": "(OCoLC)fst00949382"
          }
        ]
      }
    },
    {
      "651": {
        "ind1": "\\",
        "ind2": "7",
        "subfields": [
          {
            "a": "United States."
          },
          {
            "2": "fast"
          },
          {
            "0": "(OCoLC)fst01204155"
          }
        ]
      }
    },
    {
      "710": {
        "ind1": "2",
        "ind2": "\\",
        "subfields": [
          {
            "a": "Police Foundation (U.S.)"
          }
        ]
      }
    },
    {
      "776": {
        "ind1": "0",
        "ind2": "8",
        "subfields": [
          {
            "i": "Online version:"
          },
          {
            "a": "Brill, Steven, 1950-"
          },
          {
            "t": "Firearm abuse."
          },
          {
            "d": "[Washington] : Police Foundation, \u00a91977"
          },
          {
            "w": "(OCoLC)608789920"
          }
        ]
      }
    },
    {
      "999": {
        "ind1": "\\",
        "ind2": "\\",
        "subfields": [
          {
            "a": "00000000024492"
          }
        ]
      }
    },
    {
      "994": {
        "ind1": "\\",
        "ind2": "\\",
        "subfields": [
          {
            "a": "C0"
          },
          {
            "b": "NYRVC"
          }
        ]
      }
    }
  ]
}